<record xmlns="http://www.loc.gov/MARC21/slim" xmlns:xsi="http://www.w3.org/2001/XMLSchema-instance" xsi:schemaLocation="http://www.loc.gov/MARC21/slim http://www.loc.gov/standards/marcxml/schema/MARC21slim.xsd"><leader>01115cz   2200241n  4500</leader><controlfield tag="001">oca03854903 </controlfield><controlfield tag="003">OCoLC</controlfield><controlfield tag="005">20051003133616.0</controlfield><controlfield tag="008">950607n| acannaabn          |a aaa     c</controlfield><datafield ind1=" " ind2=" " tag="010"><subfield code="a">nr 95021137 </subfield></datafield><datafield ind1=" " ind2=" " tag="035"><subfield code="a">(OCoLC)oca03854903</subfield></datafield><datafield ind1=" " ind2=" " tag="040"><subfield code="a">NNC</subfield><subfield code="b">eng</subfield><subfield code="c">NNC</subfield><subfield code="d">OCoLC</subfield></datafield><datafield ind1=" " ind2="0" tag="053"><subfield code="a">PA6554.P6</subfield></datafield><datafield ind1="0" ind2=" " tag="100"><subfield code="a">Albinovanus Pedo</subfield></datafield><datafield ind1="1" ind2=" " tag="400"><subfield code="a">Albinovanus Pedo, C.</subfield></datafield><datafield ind1="1" ind2=" " tag="400"><subfield code="a">Pedo, Albinovanus</subfield></datafield><datafield ind1="1" ind2=" " tag="400"><subfield code="a">Pedo, C. Albinovanus</subfield></datafield><datafield ind1="0" ind2=" " tag="400"><subfield code="a">C. Albinovanus Pedo</subfield></datafield><datafield ind1=" " ind2=" " tag="670"><subfield code="a">His Carmina [CF] 1991:</subfield><subfield code="b">PHI CD ROM #5.3, Latin Canon, bibliographic screen (Albinovanus Pedo)</subfield></datafield><datafield ind1=" " ind2=" " tag="670"><subfield code="a">Oxford class. dict., 1st ed.:</subfield><subfield code="b">p. 28 (Albinovanus Pedo; a poet-friend addressed by Ovid; mentioned by Martial)</subfield></datafield><datafield ind1=" " ind2=" " tag="670"><subfield code="a">NUC pre-56:</subfield><subfield code="b">v. 447, p. 207 (Pedo, Albinovanus)</subfield></datafield><datafield ind1=" " ind2=" " tag="670"><subfield code="a">Pauly-Wissowa:</subfield><subfield code="b">1. Halbbd., col. 1314; "Albinovanus", #5 (Albinovanus Pedo; the supposed forename C. [Caius] has not been transmitted; known as Albinovanus Pedo and Pedo Albinovanus in Seneca; Albinvanus or Pedo in Ovid; poet and friend of Ovid)</subfield></datafield><datafield ind1=" " ind2=" " tag="670"><subfield code="a">A Dict. of Greek and Roman biography and mythology, 1967</subfield><subfield code="b">(Albinovanus, C. Pedo)</subfield></datafield></record>